@misc{premwatchcount,
    title = {The numbers that show this has been a season like no other},
    howpublished = {Available: \url{https://www.premierleague.com/news/4016793}}, 
    note = {Accessed: 2025-03-26}
}

@misc{uswatchcount,
    title = {The numbers that show this has been a season like no other},
    howpublished = {Available: \url{https://www.premierleague.com/news/4027356}}, 
    note = {Accessed: 2025-03-26}
}


@misc{shirtsponsor,
  author       = {{@classicfootballshirts}},
  title        = {Gambling Sponsors in the Premier League 2024/25},
  howpublished = {Available: \url{https://www.instagram.com/classicfootballshirts/p/C-slVewK-_a/?img_index=7}},
    note = {Accessed: 2025-03-26}
}

@misc{sportsbettingmarket,
  author       = {Grandview Research},
  title        = {Sports Betting Market Size, Share \& Trends Analysis Report By Platform, By Betting Type (Fixed Odds Wagering, Exchange Betting, Live/In-Play Betting, eSports Betting), By Sports Type, By Region, And Segment Forecasts, 2023 - 2030},
  howpublished = {Available: \url{https://www.grandviewresearch.com/industry-analysis/sports-betting-market-report}},
  note = {Accessed: 2025-03-26}
}

@mic{investopedia,
  author       = {Shehryar Sohail},
  title        = {Sports Betting Odds: How They Work and How To Read Them},
  howpublished = {Available: \url{https://www.investopedia.com/articles/investing/042115/betting-basics-fractional-decimal-american-moneyline-odds.asp}},
  note = {Accessed: 2025-03-28}
}

@mic{socceranalytics,
  author       = {socceranalytics},
  title        = {Predictions in Soccer: Getting things Right more often than Wrong},
  howpublished = {Available: \url{https://socceranalytics.org.uk/predictions-in-soccer/}},
  note = {Accessed: 2025-03-28}
}

@misc{votingmodelexample,
  author       = {Haytham Elmiligi, Sherif Saad},
  title        = {Predicting the Outcome of Soccer Matches Using Machine Learning and Statistical Analysis},
  howpublished = {Available: \url{https://ieeexplore.ieee.org/document/9720896}},
  note = {Accessed: 2025-03-27}
}

@misc{sequentialmodelexample,
  author       = {Sarika Jain},
  title        = {Soccer Result Prediction Using Deep Learning and Neural Networks},
  howpublished = {Available: \url{https://www.researchgate.net/publication/349272309_Soccer_Result_Prediction_Using_Deep_Learning_and_Neural_Networks}},
  note = {Accessed: 2025-03-28}
}

@misc{randomforestexample,
  author       = {Xiangkun Meng},
  title        = {Soccer match outcome prediction with random forest and gradient boosting models},
  howpublished = {Available: \url{https://www.researchgate.net/publication/378355415_Soccer_match_outcome_prediction_with_random_forest_and_gradient_boosting_models}},
  note = {Accessed: 2025-03-27}
}

@misc{fnnexample,
  author       = {Sergei Anfilets , Sergei Bezobrazov},
  title        = {DEEP MULTILAYER NEURAL NETWORK FOR PREDICTING THE WINNER OF FOOTBALL MATCHES},
  howpublished = {Available: \url{https://www.researchgate.net/publication/342416626_DEEP_MULTILAYER_NEURAL_NETWORK_FOR_PREDICTING_THE_WINNER_OF_FOOTBALL_MATCHES}},
  note = {Accessed: 2025-03-28}
}

@misc{stackingmodelexample,
  author       = {Albert Wong, Eugene Li},
  title        = {A predictive analytics framework for forecasting soccer match outcomes using machine learning models},
  howpublished = {Available: \url{https://www.sciencedirect.com/science/article/pii/S2772662224001413}},
  note = {Accessed: 2025-03-28}
}

@misc{kaggle,
  author       = {Joan Podadera},
  title        = {Prediction of Results in Soccer Matches},
  howpublished = {Available: \url{https://www.kaggle.com/competitions/prediction-of-results-in-soccer-matches/data}},
  note = {Accessed: 2025-03-28}
}